[
  {
    "daysCompletionPayment": -1,
    "revenue": 0,
    "country": "Poland",
    "method": "unsubmitted",
    "state": "unsubmitted",
    "method_i": 0,
    "state_i": 0,
    "today": "2014-08-30T00:47:19.779Z",
    "aDay": 86400000
  },
  {
    "daysCompletionPayment": 10,
    "revenue": 100,
    "country": "SouthAfrica",
    "method": "Credit",
    "state": "received",
    "method_i": 1,
    "state_i": 1,
    "today": "2014-08-11T00:47:19.781Z",
    "aDay": 86400000
  },
  {
    "daysCompletionPayment": 1,
    "revenue": 100,
    "country": "SouthAfrica",
    "method": "Credit",
    "state": "received",
    "method_i": 1,
    "state_i": 1,
    "today": "2014-09-15T00:47:19.781Z",
    "aDay": 86400000
  },
  {
    "daysCompletionPayment": 32,
    "revenue": 100,
    "country": "Mexico",
    "method": "Credit",
    "state": "received",
    "method_i": 1,
    "state_i": 1,
    "today": "2015-07-13T00:47:19.781Z",
    "aDay": 86400000
  },
  {
    "daysCompletionPayment": -1,
    "revenue": 0,
    "country": "SouthAfrica",
    "method": "unsubmitted",
    "state": "unsubmitted",
    "method_i": 0,
    "state_i": 0,
    "today": "2014-10-06T00:47:19.781Z",
    "aDay": 86400000
  },
  {
    "daysCompletionPayment": -1,
    "revenue": 0,
    "country": "Mexico",
    "method": "unsubmitted",
    "state": "unsubmitted",
    "method_i": 0,
    "state_i": 0,
    "today": "2014-11-22T00:47:19.781Z",
    "aDay": 86400000
  },
  {
    "daysCompletionPayment": -1,
    "revenue": 0,
    "country": "Mexico",
    "method": "unsubmitted",
    "state": "unsubmitted",
    "method_i": 0,
    "state_i": 0,
    "today": "2015-02-13T00:47:19.781Z",
    "aDay": 86400000
  },
  {
    "daysCompletionPayment": 4,
    "revenue": 100,
    "country": "SouthAfrica",
    "method": "Credit",
    "state": "received",
    "method_i": 1,
    "state_i": 1,
    "today": "2014-08-30T00:47:19.782Z",
    "aDay": 86400000
  },
  {
    "daysCompletionPayment": -1,
    "revenue": 0,
    "country": "SouthAfrica",
    "method": "unsubmitted",
    "state": "unsubmitted",
    "method_i": 0,
    "state_i": 0,
    "today": "2014-10-22T00:47:19.782Z",
    "aDay": 86400000
  },
  {
    "daysCompletionPayment": -1,
    "revenue": 0,
    "country": "SouthAfrica",
    "method": "unsubmitted",
    "state": "unsubmitted",
    "method_i": 0,
    "state_i": 0,
    "today": "2015-01-26T00:47:19.782Z",
    "aDay": 86400000
  },
  {
    "daysCompletionPayment": -1,
    "revenue": 0,
    "country": "Mexico",
    "method": "unsubmitted",
    "state": "unsubmitted",
    "method_i": 0,
    "state_i": 0,
    "today": "2015-02-12T00:47:19.782Z",
    "aDay": 86400000
  },
  {
    "daysCompletionPayment": 10,
    "revenue": 100,
    "country": "SouthAfrica",
    "method": "Credit",
    "state": "received",
    "method_i": 1,
    "state_i": 1,
    "today": "2015-02-08T00:47:19.782Z",
    "aDay": 86400000
  },
  {
    "daysCompletionPayment": -1,
    "revenue": 0,
    "country": "SouthAfrica",
    "method": "unsubmitted",
    "state": "unsubmitted",
    "method_i": 0,
    "state_i": 0,
    "today": "2015-04-20T00:47:19.782Z",
    "aDay": 86400000
  },
  {
    "daysCompletionPayment": -1,
    "revenue": 0,
    "country": "SouthAfrica",
    "method": "unsubmitted",
    "state": "unsubmitted",
    "method_i": 0,
    "state_i": 0,
    "today": "2014-08-20T00:47:19.786Z",
    "aDay": 86400000
  },
  {
    "daysCompletionPayment": -1,
    "revenue": 0,
    "country": "Poland",
    "method": "unsubmitted",
    "state": "unsubmitted",
    "method_i": 0,
    "state_i": 0,
    "today": "2015-06-15T00:47:19.786Z",
    "aDay": 86400000
  },
  {
    "daysCompletionPayment": -1,
    "revenue": 0,
    "country": "Mexico",
    "method": "unsubmitted",
    "state": "unsubmitted",
    "method_i": 0,
    "state_i": 0,
    "today": "2014-07-21T00:47:19.786Z",
    "aDay": 86400000
  },
  {
    "daysCompletionPayment": -1,
    "revenue": 0,
    "country": "SouthAfrica",
    "method": "unsubmitted",
    "state": "unsubmitted",
    "method_i": 0,
    "state_i": 0,
    "today": "2015-06-12T00:47:19.786Z",
    "aDay": 86400000
  },
  {
    "daysCompletionPayment": -1,
    "revenue": 0,
    "country": "Poland",
    "method": "unsubmitted",
    "state": "unsubmitted",
    "method_i": 0,
    "state_i": 0,
    "today": "2014-09-02T00:47:19.786Z",
    "aDay": 86400000
  },
  {
    "daysCompletionPayment": -1,
    "revenue": 0,
    "country": "SouthAfrica",
    "method": "unsubmitted",
    "state": "unsubmitted",
    "method_i": 0,
    "state_i": 0,
    "today": "2015-07-06T00:47:19.787Z",
    "aDay": 86400000
  },
  {
    "daysCompletionPayment": -1,
    "revenue": 0,
    "country": "SouthAfrica",
    "method": "unsubmitted",
    "state": "unsubmitted",
    "method_i": 0,
    "state_i": 0,
    "today": "2015-05-06T00:47:19.787Z",
    "aDay": 86400000
  },
  {
    "daysCompletionPayment": -1,
    "revenue": 0,
    "country": "Mexico",
    "method": "unsubmitted",
    "state": "unsubmitted",
    "method_i": 0,
    "state_i": 0,
    "today": "2015-06-02T00:47:19.787Z",
    "aDay": 86400000
  },
  {
    "daysCompletionPayment": 11,
    "revenue": 100,
    "country": "Mexico",
    "method": "Credit",
    "state": "received",
    "method_i": 1,
    "state_i": 1,
    "today": "2015-04-12T00:47:19.787Z",
    "aDay": 86400000
  },
  {
    "daysCompletionPayment": 4,
    "revenue": 100,
    "country": "Mexico",
    "method": "Credit",
    "state": "received",
    "method_i": 1,
    "state_i": 1,
    "today": "2014-12-23T00:47:19.787Z",
    "aDay": 86400000
  },
  {
    "daysCompletionPayment": -1,
    "revenue": 0,
    "country": "Mexico",
    "method": "unsubmitted",
    "state": "unsubmitted",
    "method_i": 0,
    "state_i": 0,
    "today": "2015-01-16T00:47:19.787Z",
    "aDay": 86400000
  },
  {
    "daysCompletionPayment": 1,
    "revenue": 100,
    "country": "SouthAfrica",
    "method": "Credit",
    "state": "received",
    "method_i": 1,
    "state_i": 1,
    "today": "2014-12-10T00:47:19.788Z",
    "aDay": 86400000
  },
  {
    "daysCompletionPayment": -1,
    "revenue": 0,
    "country": "SouthAfrica",
    "method": "unsubmitted",
    "state": "unsubmitted",
    "method_i": 0,
    "state_i": 0,
    "today": "2014-10-30T00:47:19.788Z",
    "aDay": 86400000
  },
  {
    "daysCompletionPayment": -1,
    "revenue": 0,
    "country": "SouthAfrica",
    "method": "unsubmitted",
    "state": "unsubmitted",
    "method_i": 0,
    "state_i": 0,
    "today": "2014-11-19T00:47:19.788Z",
    "aDay": 86400000
  },
  {
    "daysCompletionPayment": -1,
    "revenue": 0,
    "country": "Mexico",
    "method": "unsubmitted",
    "state": "unsubmitted",
    "method_i": 0,
    "state_i": 0,
    "today": "2014-11-23T00:47:19.789Z",
    "aDay": 86400000
  },
  {
    "daysCompletionPayment": -1,
    "revenue": 0,
    "country": "Mexico",
    "method": "unsubmitted",
    "state": "unsubmitted",
    "method_i": 0,
    "state_i": 0,
    "today": "2014-12-06T00:47:19.789Z",
    "aDay": 86400000
  },
  {
    "daysCompletionPayment": -1,
    "revenue": 0,
    "country": "SouthAfrica",
    "method": "unsubmitted",
    "state": "unsubmitted",
    "method_i": 0,
    "state_i": 0,
    "today": "2015-02-02T00:47:19.789Z",
    "aDay": 86400000
  },
  {
    "daysCompletionPayment": -1,
    "revenue": 0,
    "country": "Poland",
    "method": "unsubmitted",
    "state": "unsubmitted",
    "method_i": 0,
    "state_i": 0,
    "today": "2014-11-29T00:47:19.790Z",
    "aDay": 86400000
  },
  {
    "daysCompletionPayment": -1,
    "revenue": 0,
    "country": "SouthAfrica",
    "method": "unsubmitted",
    "state": "unsubmitted",
    "method_i": 0,
    "state_i": 0,
    "today": "2015-05-01T00:47:19.790Z",
    "aDay": 86400000
  },
  {
    "daysCompletionPayment": 7,
    "revenue": 100,
    "country": "SouthAfrica",
    "method": "Credit",
    "state": "received",
    "method_i": 1,
    "state_i": 1,
    "today": "2015-04-17T00:47:19.790Z",
    "aDay": 86400000
  },
  {
    "daysCompletionPayment": -1,
    "revenue": 0,
    "country": "Poland",
    "method": "unsubmitted",
    "state": "unsubmitted",
    "method_i": 0,
    "state_i": 0,
    "today": "2014-08-30T00:47:19.790Z",
    "aDay": 86400000
  },
  {
    "daysCompletionPayment": -1,
    "revenue": 0,
    "country": "SouthAfrica",
    "method": "unsubmitted",
    "state": "unsubmitted",
    "method_i": 0,
    "state_i": 0,
    "today": "2014-07-16T00:47:19.790Z",
    "aDay": 86400000
  },
  {
    "daysCompletionPayment": -1,
    "revenue": 0,
    "country": "SouthAfrica",
    "method": "unsubmitted",
    "state": "unsubmitted",
    "method_i": 0,
    "state_i": 0,
    "today": "2014-09-11T00:47:19.791Z",
    "aDay": 86400000
  },
  {
    "daysCompletionPayment": -1,
    "revenue": 0,
    "country": "Poland",
    "method": "unsubmitted",
    "state": "unsubmitted",
    "method_i": 0,
    "state_i": 0,
    "today": "2015-06-24T00:47:19.792Z",
    "aDay": 86400000
  },
  {
    "daysCompletionPayment": -1,
    "revenue": 0,
    "country": "SouthAfrica",
    "method": "unsubmitted",
    "state": "unsubmitted",
    "method_i": 0,
    "state_i": 0,
    "today": "2014-08-19T00:47:19.792Z",
    "aDay": 86400000
  },
  {
    "daysCompletionPayment": -1,
    "revenue": 0,
    "country": "SouthAfrica",
    "method": "unsubmitted",
    "state": "unsubmitted",
    "method_i": 0,
    "state_i": 0,
    "today": "2015-04-01T00:47:19.792Z",
    "aDay": 86400000
  },
  {
    "daysCompletionPayment": 7,
    "revenue": 100,
    "country": "Poland",
    "method": "Credit",
    "state": "received",
    "method_i": 1,
    "state_i": 1,
    "today": "2014-09-12T00:47:19.792Z",
    "aDay": 86400000
  },
  {
    "daysCompletionPayment": -1,
    "revenue": 0,
    "country": "Mexico",
    "method": "unsubmitted",
    "state": "unsubmitted",
    "method_i": 0,
    "state_i": 0,
    "today": "2015-06-21T00:47:19.793Z",
    "aDay": 86400000
  },
  {
    "daysCompletionPayment": -1,
    "revenue": 0,
    "country": "SouthAfrica",
    "method": "unsubmitted",
    "state": "unsubmitted",
    "method_i": 0,
    "state_i": 0,
    "today": "2014-08-31T00:47:19.794Z",
    "aDay": 86400000
  },
  {
    "daysCompletionPayment": -1,
    "revenue": 0,
    "country": "SouthAfrica",
    "method": "unsubmitted",
    "state": "unsubmitted",
    "method_i": 0,
    "state_i": 0,
    "today": "2014-11-16T00:47:19.794Z",
    "aDay": 86400000
  },
  {
    "daysCompletionPayment": 4,
    "revenue": 100,
    "country": "Mexico",
    "method": "Credit",
    "state": "received",
    "method_i": 1,
    "state_i": 1,
    "today": "2015-05-19T00:47:19.794Z",
    "aDay": 86400000
  },
  {
    "daysCompletionPayment": 9,
    "revenue": 100,
    "country": "Poland",
    "method": "Credit",
    "state": "received",
    "method_i": 1,
    "state_i": 1,
    "today": "2014-12-30T00:47:19.794Z",
    "aDay": 86400000
  },
  {
    "daysCompletionPayment": -1,
    "revenue": 0,
    "country": "Poland",
    "method": "unsubmitted",
    "state": "unsubmitted",
    "method_i": 0,
    "state_i": 0,
    "today": "2014-11-22T00:47:19.794Z",
    "aDay": 86400000
  },
  {
    "daysCompletionPayment": -1,
    "revenue": 0,
    "country": "SouthAfrica",
    "method": "unsubmitted",
    "state": "unsubmitted",
    "method_i": 0,
    "state_i": 0,
    "today": "2015-06-19T00:47:19.794Z",
    "aDay": 86400000
  },
  {
    "daysCompletionPayment": -1,
    "revenue": 0,
    "country": "SouthAfrica",
    "method": "unsubmitted",
    "state": "unsubmitted",
    "method_i": 0,
    "state_i": 0,
    "today": "2015-03-18T00:47:19.794Z",
    "aDay": 86400000
  },
  {
    "daysCompletionPayment": -1,
    "revenue": 0,
    "country": "Mexico",
    "method": "unsubmitted",
    "state": "unsubmitted",
    "method_i": 0,
    "state_i": 0,
    "today": "2015-04-12T00:47:19.794Z",
    "aDay": 86400000
  },
  {
    "daysCompletionPayment": -1,
    "revenue": 0,
    "country": "SouthAfrica",
    "method": "unsubmitted",
    "state": "unsubmitted",
    "method_i": 0,
    "state_i": 0,
    "today": "2015-03-18T00:47:19.794Z",
    "aDay": 86400000
  },
  {
    "daysCompletionPayment": -1,
    "revenue": 0,
    "country": "SouthAfrica",
    "method": "unsubmitted",
    "state": "unsubmitted",
    "method_i": 0,
    "state_i": 0,
    "today": "2014-07-30T00:47:19.794Z",
    "aDay": 86400000
  },
  {
    "daysCompletionPayment": -1,
    "revenue": 0,
    "country": "SouthAfrica",
    "method": "unsubmitted",
    "state": "unsubmitted",
    "method_i": 0,
    "state_i": 0,
    "today": "2014-08-08T00:47:19.794Z",
    "aDay": 86400000
  },
  {
    "daysCompletionPayment": -1,
    "revenue": 0,
    "country": "Poland",
    "method": "unsubmitted",
    "state": "unsubmitted",
    "method_i": 0,
    "state_i": 0,
    "today": "2015-04-22T00:47:19.795Z",
    "aDay": 86400000
  },
  {
    "daysCompletionPayment": -1,
    "revenue": 0,
    "country": "Poland",
    "method": "unsubmitted",
    "state": "unsubmitted",
    "method_i": 0,
    "state_i": 0,
    "today": "2015-04-08T00:47:19.795Z",
    "aDay": 86400000
  },
  {
    "daysCompletionPayment": -1,
    "revenue": 0,
    "country": "Poland",
    "method": "unsubmitted",
    "state": "unsubmitted",
    "method_i": 0,
    "state_i": 0,
    "today": "2014-08-03T00:47:19.796Z",
    "aDay": 86400000
  },
  {
    "daysCompletionPayment": -1,
    "revenue": 0,
    "country": "SouthAfrica",
    "method": "unsubmitted",
    "state": "unsubmitted",
    "method_i": 0,
    "state_i": 0,
    "today": "2014-08-09T00:47:19.796Z",
    "aDay": 86400000
  },
  {
    "daysCompletionPayment": 0,
    "revenue": 100,
    "country": "SouthAfrica",
    "method": "Credit",
    "state": "received",
    "method_i": 1,
    "state_i": 1,
    "today": "2015-02-03T00:47:19.796Z",
    "aDay": 86400000
  },
  {
    "daysCompletionPayment": 2,
    "revenue": 100,
    "country": "Poland",
    "method": "Credit",
    "state": "received",
    "method_i": 1,
    "state_i": 1,
    "today": "2014-07-29T00:47:19.796Z",
    "aDay": 86400000
  },
  {
    "daysCompletionPayment": -1,
    "revenue": 0,
    "country": "Mexico",
    "method": "unsubmitted",
    "state": "unsubmitted",
    "method_i": 0,
    "state_i": 0,
    "today": "2015-01-24T00:47:19.796Z",
    "aDay": 86400000
  },
  {
    "daysCompletionPayment": -1,
    "revenue": 0,
    "country": "SouthAfrica",
    "method": "unsubmitted",
    "state": "unsubmitted",
    "method_i": 0,
    "state_i": 0,
    "today": "2015-06-29T00:47:19.798Z",
    "aDay": 86400000
  },
  {
    "daysCompletionPayment": 14,
    "revenue": 100,
    "country": "Poland",
    "method": "Credit",
    "state": "received",
    "method_i": 1,
    "state_i": 1,
    "today": "2015-05-10T00:47:19.798Z",
    "aDay": 86400000
  },
  {
    "daysCompletionPayment": 0,
    "revenue": 100,
    "country": "SouthAfrica",
    "method": "Credit",
    "state": "received",
    "method_i": 1,
    "state_i": 1,
    "today": "2015-01-17T00:47:19.798Z",
    "aDay": 86400000
  },
  {
    "daysCompletionPayment": 0,
    "revenue": 100,
    "country": "SouthAfrica",
    "method": "Credit",
    "state": "received",
    "method_i": 1,
    "state_i": 1,
    "today": "2015-06-23T00:47:19.798Z",
    "aDay": 86400000
  },
  {
    "daysCompletionPayment": 4,
    "revenue": 100,
    "country": "Poland",
    "method": "Credit",
    "state": "received",
    "method_i": 1,
    "state_i": 1,
    "today": "2015-05-29T00:47:19.798Z",
    "aDay": 86400000
  },
  {
    "daysCompletionPayment": 8,
    "revenue": 100,
    "country": "SouthAfrica",
    "method": "Bank",
    "state": "received",
    "method_i": 2,
    "state_i": 1,
    "today": "2015-07-12T00:47:19.798Z",
    "aDay": 86400000
  },
  {
    "daysCompletionPayment": -1,
    "revenue": 0,
    "country": "Mexico",
    "method": "unsubmitted",
    "state": "unsubmitted",
    "method_i": 0,
    "state_i": 0,
    "today": "2014-10-03T00:47:19.798Z",
    "aDay": 86400000
  },
  {
    "daysCompletionPayment": 2,
    "revenue": 100,
    "country": "SouthAfrica",
    "method": "Credit",
    "state": "received",
    "method_i": 1,
    "state_i": 1,
    "today": "2014-09-17T00:47:19.798Z",
    "aDay": 86400000
  },
  {
    "daysCompletionPayment": -1,
    "revenue": 0,
    "country": "SouthAfrica",
    "method": "unsubmitted",
    "state": "unsubmitted",
    "method_i": 0,
    "state_i": 0,
    "today": "2014-08-19T00:47:19.800Z",
    "aDay": 86400000
  },
  {
    "daysCompletionPayment": -1,
    "revenue": 0,
    "country": "SouthAfrica",
    "method": "unsubmitted",
    "state": "unsubmitted",
    "method_i": 0,
    "state_i": 0,
    "today": "2015-03-24T00:47:19.800Z",
    "aDay": 86400000
  },
  {
    "daysCompletionPayment": 6,
    "revenue": 100,
    "country": "SouthAfrica",
    "method": "Credit",
    "state": "received",
    "method_i": 1,
    "state_i": 1,
    "today": "2014-11-21T00:47:19.800Z",
    "aDay": 86400000
  },
  {
    "daysCompletionPayment": -1,
    "revenue": 0,
    "country": "SouthAfrica",
    "method": "unsubmitted",
    "state": "unsubmitted",
    "method_i": 0,
    "state_i": 0,
    "today": "2014-08-25T00:47:19.800Z",
    "aDay": 86400000
  },
  {
    "daysCompletionPayment": -1,
    "revenue": 0,
    "country": "SouthAfrica",
    "method": "unsubmitted",
    "state": "unsubmitted",
    "method_i": 0,
    "state_i": 0,
    "today": "2014-12-29T00:47:19.800Z",
    "aDay": 86400000
  },
  {
    "daysCompletionPayment": 4,
    "revenue": 100,
    "country": "Mexico",
    "method": "Credit",
    "state": "received",
    "method_i": 1,
    "state_i": 1,
    "today": "2014-12-12T00:47:19.800Z",
    "aDay": 86400000
  },
  {
    "daysCompletionPayment": -1,
    "revenue": 0,
    "country": "SouthAfrica",
    "method": "unsubmitted",
    "state": "unsubmitted",
    "method_i": 0,
    "state_i": 0,
    "today": "2014-11-10T00:47:19.800Z",
    "aDay": 86400000
  },
  {
    "daysCompletionPayment": -1,
    "revenue": 0,
    "country": "Mexico",
    "method": "unsubmitted",
    "state": "unsubmitted",
    "method_i": 0,
    "state_i": 0,
    "today": "2014-10-24T00:47:19.800Z",
    "aDay": 86400000
  },
  {
    "daysCompletionPayment": -1,
    "revenue": 0,
    "country": "Mexico",
    "method": "unsubmitted",
    "state": "unsubmitted",
    "method_i": 0,
    "state_i": 0,
    "today": "2015-03-25T00:47:19.800Z",
    "aDay": 86400000
  },
  {
    "daysCompletionPayment": 12,
    "revenue": 100,
    "country": "SouthAfrica",
    "method": "Credit",
    "state": "received",
    "method_i": 1,
    "state_i": 1,
    "today": "2015-05-20T00:47:19.800Z",
    "aDay": 86400000
  },
  {
    "daysCompletionPayment": -1,
    "revenue": 0,
    "country": "SouthAfrica",
    "method": "unsubmitted",
    "state": "unsubmitted",
    "method_i": 0,
    "state_i": 0,
    "today": "2014-12-08T00:47:19.800Z",
    "aDay": 86400000
  },
  {
    "daysCompletionPayment": -1,
    "revenue": 0,
    "country": "SouthAfrica",
    "method": "unsubmitted",
    "state": "unsubmitted",
    "method_i": 0,
    "state_i": 0,
    "today": "2015-02-23T00:47:19.800Z",
    "aDay": 86400000
  },
  {
    "daysCompletionPayment": -1,
    "revenue": 0,
    "country": "SouthAfrica",
    "method": "unsubmitted",
    "state": "unsubmitted",
    "method_i": 0,
    "state_i": 0,
    "today": "2015-01-05T00:47:19.802Z",
    "aDay": 86400000
  },
  {
    "daysCompletionPayment": -1,
    "revenue": 0,
    "country": "SouthAfrica",
    "method": "unsubmitted",
    "state": "unsubmitted",
    "method_i": 0,
    "state_i": 0,
    "today": "2014-09-27T00:47:19.802Z",
    "aDay": 86400000
  },
  {
    "daysCompletionPayment": -1,
    "revenue": 0,
    "country": "SouthAfrica",
    "method": "unsubmitted",
    "state": "unsubmitted",
    "method_i": 0,
    "state_i": 0,
    "today": "2014-11-26T00:47:19.803Z",
    "aDay": 86400000
  },
  {
    "daysCompletionPayment": -1,
    "revenue": 0,
    "country": "Poland",
    "method": "unsubmitted",
    "state": "unsubmitted",
    "method_i": 0,
    "state_i": 0,
    "today": "2014-09-22T00:47:19.804Z",
    "aDay": 86400000
  },
  {
    "daysCompletionPayment": 0,
    "revenue": 100,
    "country": "Mexico",
    "method": "Credit",
    "state": "received",
    "method_i": 1,
    "state_i": 1,
    "today": "2015-06-05T00:47:19.804Z",
    "aDay": 86400000
  },
  {
    "daysCompletionPayment": -1,
    "revenue": 0,
    "country": "SouthAfrica",
    "method": "unsubmitted",
    "state": "unsubmitted",
    "method_i": 0,
    "state_i": 0,
    "today": "2014-12-03T00:47:19.804Z",
    "aDay": 86400000
  },
  {
    "daysCompletionPayment": 0,
    "revenue": 100,
    "country": "SouthAfrica",
    "method": "Credit",
    "state": "received",
    "method_i": 1,
    "state_i": 1,
    "today": "2015-04-16T00:47:19.804Z",
    "aDay": 86400000
  },
  {
    "daysCompletionPayment": -1,
    "revenue": 0,
    "country": "SouthAfrica",
    "method": "unsubmitted",
    "state": "unsubmitted",
    "method_i": 0,
    "state_i": 0,
    "today": "2014-11-25T00:47:19.804Z",
    "aDay": 86400000
  },
  {
    "daysCompletionPayment": 0,
    "revenue": 100,
    "country": "Mexico",
    "method": "Credit",
    "state": "received",
    "method_i": 1,
    "state_i": 1,
    "today": "2015-01-13T00:47:19.804Z",
    "aDay": 86400000
  },
  {
    "daysCompletionPayment": -1,
    "revenue": 0,
    "country": "SouthAfrica",
    "method": "unsubmitted",
    "state": "unsubmitted",
    "method_i": 0,
    "state_i": 0,
    "today": "2015-04-24T00:47:19.804Z",
    "aDay": 86400000
  },
  {
    "daysCompletionPayment": 5,
    "revenue": 100,
    "country": "SouthAfrica",
    "method": "Bank",
    "state": "received",
    "method_i": 2,
    "state_i": 1,
    "today": "2014-07-24T00:47:19.804Z",
    "aDay": 86400000
  },
  {
    "daysCompletionPayment": -1,
    "revenue": 0,
    "country": "Mexico",
    "method": "unsubmitted",
    "state": "unsubmitted",
    "method_i": 0,
    "state_i": 0,
    "today": "2015-04-17T00:47:19.804Z",
    "aDay": 86400000
  },
  {
    "daysCompletionPayment": 7,
    "revenue": 100,
    "country": "SouthAfrica",
    "method": "Bank",
    "state": "received",
    "method_i": 2,
    "state_i": 1,
    "today": "2015-02-20T00:47:19.804Z",
    "aDay": 86400000
  },
  {
    "daysCompletionPayment": -1,
    "revenue": 0,
    "country": "Poland",
    "method": "unsubmitted",
    "state": "unsubmitted",
    "method_i": 0,
    "state_i": 0,
    "today": "2015-05-03T00:47:19.804Z",
    "aDay": 86400000
  },
  {
    "daysCompletionPayment": -1,
    "revenue": 0,
    "country": "Mexico",
    "method": "unsubmitted",
    "state": "unsubmitted",
    "method_i": 0,
    "state_i": 0,
    "today": "2015-01-03T00:47:19.804Z",
    "aDay": 86400000
  },
  {
    "daysCompletionPayment": 7,
    "revenue": 100,
    "country": "Mexico",
    "method": "Credit",
    "state": "received",
    "method_i": 1,
    "state_i": 1,
    "today": "2015-01-03T00:47:19.806Z",
    "aDay": 86400000
  },
  {
    "daysCompletionPayment": -1,
    "revenue": 0,
    "country": "SouthAfrica",
    "method": "unsubmitted",
    "state": "unsubmitted",
    "method_i": 0,
    "state_i": 0,
    "today": "2014-12-09T00:47:19.806Z",
    "aDay": 86400000
  },
  {
    "daysCompletionPayment": -1,
    "revenue": 0,
    "country": "SouthAfrica",
    "method": "unsubmitted",
    "state": "unsubmitted",
    "method_i": 0,
    "state_i": 0,
    "today": "2015-06-19T00:47:19.806Z",
    "aDay": 86400000
  },
  {
    "daysCompletionPayment": -1,
    "revenue": 0,
    "country": "SouthAfrica",
    "method": "unsubmitted",
    "state": "unsubmitted",
    "method_i": 0,
    "state_i": 0,
    "today": "2015-02-11T00:47:19.808Z",
    "aDay": 86400000
  },
  {
    "daysCompletionPayment": -1,
    "revenue": 0,
    "country": "Mexico",
    "method": "unsubmitted",
    "state": "unsubmitted",
    "method_i": 0,
    "state_i": 0,
    "today": "2015-03-24T00:47:19.808Z",
    "aDay": 86400000
  },
  {
    "daysCompletionPayment": -1,
    "revenue": 0,
    "country": "SouthAfrica",
    "method": "unsubmitted",
    "state": "unsubmitted",
    "method_i": 0,
    "state_i": 0,
    "today": "2014-10-09T00:47:19.808Z",
    "aDay": 86400000
  }
]